<?xml version="1.0" encoding="UTF-8"?><collection xmlns="http://www.loc.gov/MARC21/slim"><record><leader>00442nam--2200133-i-4500</leader><controlfield tag="001">000011032</controlfield><controlfield tag="002">20161230</controlfield><controlfield tag="005">20161230201029</controlfield><controlfield tag="008">060222s1000------------r-----000-0-eng-d</controlfield><datafield ind1=" " ind2=" " tag="080"><subfield code="a">616.1(043)</subfield></datafield><datafield ind1=" " ind2=" " tag="100"><subfield code="a">Bakir, Hadi</subfield></datafield><datafield ind1=" " ind2=" " tag="245"><subfield code="a">Les localisations intestinales dans la scleros e systemique progressive (sclerodermie) a prop os de deux cas revue la litterature</subfield></datafield><datafield ind1=" " ind2=" " tag="260"><subfield code="a">Paris, Faculte De Medicine Xavier-bichat, 1972 . 98 P</subfield></datafield><datafield ind1=" " ind2=" " tag="852"><subfield code="a">40718</subfield></datafield></record></collection>